<?xml version="1.0" encoding="UTF-8"?><collection xmlns="http://www.loc.gov/MARC21/slim"><record><leader>00516nam--2200193-i-4500</leader><controlfield tag="001">000050263</controlfield><controlfield tag="002">20161230</controlfield><controlfield tag="005">20161230201048</controlfield><controlfield tag="008">060222s1000------------r-----000-0-rus-d</controlfield><datafield ind1=" " ind2=" " tag="040"><subfield code="a">IFIN-HH</subfield></datafield><datafield ind1=" " ind2=" " tag="041"><subfield code="a">rus</subfield></datafield><datafield ind1=" " ind2=" " tag="080"><subfield code="a">539.172:531.1</subfield></datafield><datafield ind1="1" ind2=" " tag="100"><subfield code="a">Baldin,A.M</subfield></datafield><datafield ind1="1" ind2="0" tag="245"><subfield code="a">Kinematika iadernyh reaktii</subfield><subfield code="c">A.m. baldin, v.i. goldanskii, v.m. maksimenko, i.l. rozental</subfield></datafield><datafield ind1=" " ind2=" " tag="260"><subfield code="a">Moskva</subfield><subfield code="b">Atomizdat</subfield><subfield code="c">1968</subfield></datafield><datafield ind1=" " ind2=" " tag="300"><subfield code="a">454 S</subfield></datafield><datafield ind1="1" ind2=" " tag="700"><subfield code="a">Rozental, I.L</subfield></datafield><datafield ind1=" " ind2=" " tag="852"><subfield code="a">30945</subfield><subfield code="c">539.17</subfield></datafield><datafield ind1=" " ind2=" " tag="CAT"><subfield code="a">Sys</subfield><subfield code="c">20120606</subfield><subfield code="h">145503</subfield></datafield></record></collection>